@misc{México_2024, title={Administradores de bases de Datos y Redes de computadora: Salarios, Diversidad, industrias E informalidad laboral}, url={https://www.economia.gob.mx/datamexico/es/profile/occupation/administradores-de-bases-de-datos-y-redes-de-computadora#:~:text=La%20edad%20promedio%20de%20Administradores,promedio%20de%20%242.76k%20MX.}, journal={Data México}, author={México, Gobierno}, year={2024}} 
@misc{Glassdoor_2024, title={Sueldo: Administrador de bases de Datos (Junio, 2023) | glassdoor}, url={https://www.glassdoor.com.mx/Sueldos/administrador-de-bases-de-datos-sueldo-SRCH_KO0,31.htm}, journal={Glassdoor}, author={Glassdoor}, year={2024}} 
@misc{Linkedin_2024, title={+6000 empleos de “Administrador de Base de Datos” En México}, url={https://mx.linkedin.com/jobs/administrador-de-base-de-datos-empleos?position=1&pageNum=0}, journal={+6000 empleos de “Administrador De Base De Datos” en México}, author={Linkedin}, year={2024}} 
@misc{indeed_2024, title={Empleos de Administrador Base Datos}, url={https://mx.indeed.com/q-administrador-base-datos-empleos.html}, journal={indeed}, author={indeed}, year={2024}} 
@misc{Talent_2024, title={Salario para Administrador+de+base+de+Datos en méxico - salario medio}, url={https://mx.talent.com/salary?job=administrador%2Bde%2Bbase%2Bde%2Bdatos}, journal={Talent.com}, author={Talent}, year={2024}} 